@article{Sirman,
    author={Sirmans, C.F, Turnbull, Geoffrey and Benjamin, John},
    title={The Markets for Housing and Real Estate Broker Services},
    journal={Journal of Housing Economics},
    volume={1},
    number={3},
    year={1991},
    month={May},
    pages={207-217}
}
@article{Lin,
    author={Lin, Wei-Shong, Tou, Jen-Chun, Lin, Shu-Yi and Yeh, Ming-Yih},
    title={Effects of Socieconomic Factors on Regional Housing Prices in the USA},
    journal={International Journal of Housing Markets and Analysis},
    publisher={National Taiwan University of Science and Technology},
    volume={7},
    number={1},
    year={2014},
    pages={30-41}
}

@article{Hayunga,
    author={Hayunga, Darren and Pace, R. Kelley},
    title={The Impact of TOM on Prices in the US Housing Market},
    journal={The Journal of Real Estate Finance and Economics},
    volume={58},
    year={2019},
    month={Feb},
    pages={335-365}
}
@article{Hanushek,
    author={Hanushek, Eric A. and Quigley, John M.},
    title={The Dynamics of the Housing Market: A Stock Adjustment Model of Housing Consumption},
    journal={Journal of Urban Economics},
    publisher={Kluwer Academic Publishers},
    volume={6},
    number={1},
    year={1979},
    month={Jan},
    pages={90-111}
}
@article{Kalra,
    author={Kalra, Rajiv, Chan, Kam C. and Lai, Pikki},
    title={Time on Market and Sales Price of Residential Housing: A Note},
    journal={Journal of Economics and Finance},
    volume={21},
    month={Summer},
    year={1997},
    pages={63-66}
}
@article{Donald,
    author={Donald, Stephen G. and Lang, Kevin},
    title={Inference with Difference in Differences and Other Panel Data},
    journal={The Review of Economics and Statistics},
    volume={89},
    number={2},
    year={2007},
    pages={221-233}
}
@article{Edelstein,
    author={Edelstein, Robert},
    title={The Determinants of Value in the Philadelphia Housing Market: A Case Study of the Main Line 1967 - 1969},
    journal={The Review of Economics and Statistics},
    publisher={The MIT Press},
    volume={56},
    number={3},
    year={1974},
    month={Aug},
    pages={319-328}
}
@article{Jud,
    author={Jud, Donald G., Seaks, Terry G. and Winkler, Daniel T.},
    title={Time on the Market: The Impact of Residential Brokerage},
    journal={The Journal of Real Estate Research},
    volume={12},
    number={3},
    year={1996},
    pages={447-458}
}
@article{Witte,
    author={Witte, Ann D., Sumka, Howard J. and Erekson, Homer},
    title={An Estimate of a Structural Hedonic Price Model of the Housing Market: An Application of Rosen's Theory of Implicit Markets},
    journal={Econometrica},
    publisher={The Econometrics Society},
    volume={47},
    number={5},
    year={1979},
    month={Sep},
    pages={1151-1173}
}
@article{Greiman,
    author={Greiman, Lilie},
    title={Data Limitations in the American Community Survey: The Impact on Rural Disability Research},
    journal={Research \& Training Center on Disability in Rural Communities},
    publisher={University of Montana},
    year={2007},
    pages={2-9}
}
@article{Yavas,
    author={Yavas, Abdullah and Yang, Shiawee},
    title={The Strategic Role of Listing Price in Marketing Real Estate: Theory and Evidence},
    journal={Real Estate Economics}, 
    volume={23},
    number={3},
    year={1995},
    pages={347-368}
}
@article{Miller,
    author={Miller, Norman G.},
    title={Time on the Market and Selling Price},
    journal={Real Estate Economics},
    volume={6},
    number={2},
    year={1978},
    month={June},
    pages={164-174}
}
@article{Belkin,
    author={Belkin, Jacob and Hempel, Donald J. and McLeavey, Dennis},
    title={An Empirical Study of Time on Market using Multidimensional Segmentation of Housing Markets},
    journal={Real Estate Economics},
    publisher={American Real Estate and Urban Economics Association},
    volume={4},
    number={2},
    year={1976},
    pages={57-75}
}
@article{Wheaton,
    author={Wheaton, William C.},
    title={Vacancy, Search and Prices in a Housing Market Matching Model},
    journal={Journal of Political Economy},
    publisher={American Economic Association},
    volume={98},
    number={6},
    year={1990},
    pages={1270-1292}
}
@article{Krainer,
    author={Krainer, John and Leroy, Stephen},
    title={Equilibrium Valuation of Illiquid Assets},
    journal={Economic Theory}, 
    volume={19},
    number={2},
    year={2002},
    month={Feb},
    pages={223-242}
}
@article{KQ,
    author={Kain, John F. and Quigley, John M.},
    title={Housing Markets and Racial Discrimination: A Microeconomic Analysis},
    journal={National Bureau of Economic Research},  
    year={1975},
    month={January},
    pages={1-393}
}
@article{King,
    author={King, A.T.},
    title={The Demand for Housing: Integrating the Roles of Journey-to-Work, Neighborhood Quality, and Price},
    journal={Household Production and Consumption}, 
    publisher={Columbia University of Press for NBER},
    year={1976},
    pages={451-488}
}
@misc{BEA,
ALTauthor = {Bureau of Economic Analysis},
ALTeditor = {},
title = {Regional Economic Accounts: Gross Domestic Product (GDP)},
year = {2021},
url = {https://apps.bea.gov/regional/downloadzip.cfm}
}
@misc{BEA,
ALTauthor = {Bureau of Economic Analysis},
ALTeditor = {},
title = {Regional Economic Accounts: Personal Income (State and Local)},
year = {2021},
url = {https://apps.bea.gov/regional/downloadzip.cfm}
}
@misc{BEA,
ALTauthor = {Bureau of Economic Analysis},
ALTeditor = {},
title = {Regional Economic Accounts: Personal Consumption Expenditure (PCE) by State},
year = {2021},
url = {https://apps.bea.gov/regional/downloadzip.cfm}
}
@misc{CDA,
ALTauthor = {United States Census Bureau},
ALTeditor = {},
title = {Demographic Analysis (DA)},
year = {2021},
url = {https://www.census.gov/programs-surveys/decennial-census/about/coverage-measurement/da.html}
}
@misc{ACS,
ALTauthor = {United States Census Bureau},
ALTeditor = {},
title = {American Community Survey},
year = {2021},
url = {https://www.census.gov/acs/www/data/data-tables-and-tools/data-profiles/}
}
@misc{EDF,
ALTauthor = {U.S. Department of Education},
ALTeditor = {},
title = {EDFacts Data Files},
year = {2021},
url = {https://www2.ed.gov/about/inits/ed/edfacts/data-files/index.html}
}
@misc{iBuyer,
ALTauthor = {iBuyer.com},
ALTeditor = {},
title = {iBuyers Market},
year = {2021},
url = {https://ibuyer.com/ibuyer-markets.html}
}
